%najdene na nete

@misc{tejada2014complexity,
	title={On the Complexity of Collecting Items With a Maximal Sliding Agent},
	author={Tejada, Pedro J},
	year={2014}
}

@misc{yato2002complexity,
	title={Complexity and completeness of finding another solution and its application to puzzles, IPSG SIG Notes 2002-AL-87-2},
	author={Yato, T and SETA, T},
	year={2002}
}

@phdthesis{YATO2003,
	author = {YATO, Takayuki},
	number = {January},
	school = {The University of Tokyo},
	title = {{Complexity and completeness of finding another solution and its application to puzzles}},
	type = {Master Thesis},
	year = {2003}
}

@incollection{Ferguson2014,
    author = {Ferguson, Thomas S.},
    booktitle = {Game theory},
    chapter = {I},
    edition = {Second},
    pages = {I--1 to I--46},
    publisher = {Mathematics Department, UCLA},
    title = {{Impartial Combinatorial Games}},
    note = {\url{http://www.math.ucla.edu/\~tom/Game\_Theory/comb.pdf}},
    year = {2014}
}

@article{Culberson1999,
	author = {Culberson, J},
	doi = {10.1.1.52.41},
	journal = {International Conference on Fun with Algorithms},
	number = {April},
	pages = {65--76},
	title = {{Sokoban is PSPACE-Complete}},
	year = {1997}
}

@article{FlakeB02,
	added-at = {2003-11-19T00:00:00.000+0100},
	author = {Flake, Gary William and Baum, Eric B.},
	biburl = {http://www.bibsonomy.org/bibtex/2cb8d40416342186ec7cc9d727e79cc7a/dblp},
	date = {2003-11-19},
	description = {dblp},
	ee = {http://dx.doi.org/10.1016/S0304-3975(01)00173-6},
	interhash = {6e453b2fdffd260d9b55866fe252da5f},
	intrahash = {cb8d40416342186ec7cc9d727e79cc7a},
	journal = {Theor. Comput. Sci.},
	keywords = {dblp},
	number = {1-2},
	pages = {895-911},
	timestamp = {2003-11-19T00:00:00.000+0100},
	title = {Rush Hour is PSPACE-complete, or "Why you should generously tip parking lot attendants".},
	url = {http://dblp.uni-trier.de/db/journals/tcs/tcs270.html#FlakeB02},
	volume = 270,
	year = 2002
}

@ARTICLE {hanoi1985,
    author  = {Kotovsky, Kenneth and Hayes, John and Simon, H.},
    title   = {{Why are some problems hard? Evidence from Tower of Hanoi.}},
    journal = {Cognitive psychology},
    year    = {1985},
    volume  = {17},
    number  = {2},
    pages   = {248-294}
}

@Article{Pizlo2005,
    author  = {Pizlo, Zygmunt and Li, Zheng},
    title   = {{Solving combinatorial problems: The 15-puzzle}},
    journal = {Memory {\&} Cognition},
    year    = {2005},
    volume  = {33},
    number  = {6},
    pages   = {1069--1084},
}


%z brna

@article{transport,
	author = {Jarušek, Petr and Pelánek, Radek},
	journal = {Artificial Intelligence},
	pages = {428--433},
	title = {{What Determines Difficulty of Transport Puzzles?}},
	year = {2011}
}

@article{Jarusek2010,
    author = {Jaru{\v{s}}ek, Petr and Pel{\'{a}}nek, Radek},
    doi = {10.3233/978-1-60750-676-8-140},
    isbn = {978-1-60750-675-1},
    issn = {09226389},
    journal = {Proceedings of the 2010 conference on STAIRS 2010: Proceedings of the Fifth Starting AI Researchers' Symposium},
    pages = {140--150},
    title = {{Difficulty Rating of Sokoban Puzzle}},
    url = {http://dl.acm.org/citation.cfm?id=1940526.1940539},
    year = {2010}
}

@misc{Pelanek2010,
    author = {Pel{\'{a}}nek, Radek},
    number = {April},
    title = {{Human Problem Solving: Sokoban Case Study}},
    year = {2010}
}
